<record><leader>00000cas a22000007a 4500</leader><controlfield tag="001">21428893</controlfield><controlfield tag="008">900425d19041909couwr ne      0    0eng d</controlfield><datafield ind1=" " ind2=" " tag="010"><subfield code="a">sn 90051279 </subfield></datafield><datafield ind1=" " ind2=" " tag="040"><subfield code="a">CNQ</subfield><subfield code="b">eng</subfield><subfield code="c">CNQ</subfield><subfield code="d">OCLCQ</subfield></datafield><datafield ind1=" " ind2=" " tag="042"><subfield code="a">msc</subfield></datafield><datafield ind1="0" ind2=" " tag="130"><subfield code="a">Rocky Ford gazette (Rocky Ford, Colo. : 1904)</subfield></datafield><datafield ind1="1" ind2="0" tag="245"><subfield code="a">Rocky Ford gazette.</subfield></datafield><datafield ind1=" " ind2=" " tag="260"><subfield code="a">Rocky Ford, Otero County, Colo. :</subfield><subfield code="b">C.V. Kinney</subfield></datafield><datafield ind1=" " ind2=" " tag="300"><subfield code="a">v.</subfield></datafield><datafield ind1=" " ind2=" " tag="310"><subfield code="a">Weekly</subfield></datafield><datafield ind1="0" ind2=" " tag="362"><subfield code="a">Vol. 2, no. 37 (Aug. 26, 1904)-v. 8, no. 5 (Feb. 26, 1909).</subfield></datafield><datafield ind1=" " ind2=" " tag="530"><subfield code="a">Available on microfilm from the Colorado Historical Society.</subfield></datafield><datafield ind1=" " ind2=" " tag="752"><subfield code="a">United States</subfield><subfield code="b">Colorado</subfield><subfield code="c">Otero</subfield><subfield code="d">Rocky Ford.</subfield></datafield><datafield ind1="1" ind2=" " tag="775"><subfield code="t">Rocky Ford gazette daily edition</subfield></datafield><datafield ind1="0" ind2="0" tag="780"><subfield code="t">Rocky Ford gazette successor to the times and the republican</subfield><subfield code="w">(DLC)sn 90051278</subfield></datafield><datafield ind1="0" ind2="0" tag="785"><subfield code="t">Rocky Ford gazette and topic</subfield><subfield code="w">(DLC)sn 90051277</subfield></datafield></record>